@article{shapiro,
    author = {S. S. Shapiro and M. B. Wilk},
    title = "{An analysis of variance test for normality (complete samples)†}",
    journal = {Biometrika},
    volume = {52},
    number = {3-4},
    pages = {591-611},
    year = {1965},
    month = {12},
    issn = {0006-3444},
    doi = {10.1093/biomet/52.3-4.591},
    url = {https://doi.org/10.1093/biomet/52.3-4.591},
    eprint = {https://academic.oup.com/biomet/article-pdf/52/3-4/591/962907/52-3-4-591.pdf},
}

@article{lillie,
  title={On the Kolmogorov-Smirnov Test for Normality with Mean and Variance Unknown},
  author={H. W. Lilliefors},
  journal={Journal of the American Statistical Association},
  year={1967},
  volume={62},
  pages={399-402}
}

@inbook{levene,
    author = {H. Levene},
    year = {1960},
    title = {Robust Tests for Equality of Variance},
    volume = {2},
    journal = {Contrib to Probab Stat}
}

@article{kruskalwallis,
    author = {W. H. Kruskal and  W. A.   Wallis },
    title = {Use of Ranks in One-Criterion Variance Analysis},
    journal = {Journal of the American Statistical Association},
    volume = {47},
    number = {260},
    pages = {583-621},
    year  = {1952},
    publisher = {Taylor & Francis},
    doi = {10.1080/01621459.1952.10483441},
    URL = { https://www.tandfonline.com/doi/abs/10.1080/01621459.1952.10483441}
}

@article{fisher,
     ISSN = {09528385},
     URL = {http://www.jstor.org/stable/2340521},
     author = {R. A. Fisher},
     journal = {Journal of the Royal Statistical Society},
     number = {1},
     pages = {87--94},
     publisher = {[Wiley, Royal Statistical Society]},
     title = {On the Interpretation of χ2 from Contingency Tables, and the Calculation of P},
     urldate = {2023-06-11},
     volume = {85},
     year = {1922}
}

@article{pearsonchisq,
    author = {K. Pearson},
    title = {X. On the criterion that a given system of deviations from the probable in the case of a correlated system of variables is such that it can be reasonably supposed to have arisen from random sampling},
    journal = {The London, Edinburgh, and Dublin Philosophical Magazine and Journal of Science},
    volume = {50},
    number = {302},
    pages = {157-175},
    year  = {1900},
    publisher = {Taylor & Francis},
    doi = {10.1080/14786440009463897},
    URL = {https://doi.org/10.1080/14786440009463897}
}


